@article{1,
  title={条文3.2.1-2},
  author={泡沫系统设计规范.},
  journal={中华人民共和国规范},
  volume={GB},
  year={50151-2010},
}
@article{2,
  title={条文4.2.5},
  author={泡沫系统设计规范.},
  journal={中华人民共和国规范},
  volume={GB},
  year={50151-2010},
}
